<?xml version="1.0" encoding="UTF-8"?><collection xmlns="http://www.loc.gov/MARC21/slim"><record><leader>00325nam--2200121-i-4500</leader><controlfield tag="001">000045346</controlfield><controlfield tag="002">20161230</controlfield><controlfield tag="005">20161230201045</controlfield><controlfield tag="008">060222s1000------------r-----000-0-eng-d</controlfield><datafield ind1=" " ind2=" " tag="245"><subfield code="a">Travaux et recherches mathematiques. t.1: mecanique statistique des fluids</subfield></datafield><datafield ind1=" " ind2=" " tag="260"><subfield code="a">Paris, Dunod, 1957</subfield></datafield><datafield ind1=" " ind2=" " tag="700"><subfield code="a">Massignon,D</subfield></datafield><datafield ind1=" " ind2=" " tag="852"><subfield code="a">13953</subfield></datafield></record></collection>